Automatically generated by Mendeley Desktop 1.19.1
Any changes to this file will be lost if it is regenerated by Mendeley.

BibTeX export options can be customized via Options -> BibTeX in Mendeley Desktop

@misc{opencv,
title={Open Source Computer Vision Library},
author={Itseez},
howpublished = {\url{https://github.com/itseez/opencv}}
}
@misc{ceres-solver,
author = "Sameer Agarwal and Keir Mierle and Others",
title = "Ceres Solver",
howpublished = "\url{http://ceres-solver.org}",
}
@article{Kinect2015,
archivePrefix = {arXiv},
arxivId = {arXiv:1505.05459v1},
author = {Sarbolandi, Hamed and Lefloch, Damien and Kolb, Andreas},
eprint = {arXiv:1505.05459v1},
file = {:home/bolatu/Downloads/1505.05459.pdf:pdf},
title = {{Kinect Range Sensing: Structured-Light versus Time-of-Flight Kinect}},
year = {2015}
}
@article{Khoshelham2012a,
archivePrefix = {arXiv},
arxivId = {arXiv:1505.0193},
author = {Khoshelham, Kourosh and Elberink, Sander Oude},
doi = {10.3390/s120201437},
eprint = {arXiv:1505.0193},
file = {:home/bolatu/Downloads/sensors-12-01437.pdf:pdf},
isbn = {1424-8220},
issn = {14248220},
journal = {Sensors},
pages = {1437--1454},
pmid = {22438718},
title = {{Accuracy and Resolution of Kinect Depth Data for Indoor Mapping Applications}},
volume = {12},
year = {2012}
}
@article{Fraundorfer2012,
author = {Scaramuzza, Davide and Fraundorfer, Friedrich},
doi = {10.1109/MRA.2012.2182810},
file = {:home/bolatu/.local/share/data/Mendeley Ltd./Mendeley Desktop/Downloaded/Fraundorfer, Scaramuzza - 2012 - Visual odometry Part I The First 30 Years and Fundamentals.pdf:pdf},
isbn = {1070-9932},
issn = {10709932},
journal = {IEEE Robotics and Automation Magazine},
pages = {78--90},
pmid = {22164016},
title = {{Visual odometry: Part I: The First 30 Years and Fundamentals}},
volume = {19},
year = {2011}
}
@article{Di2016a,
author = {Di, Kaichang and Zhao, Qiang and Wan, Wenhui and Wang, Yexin and Gao, Yunjun},
doi = {10.3390/s16081285},
file = {:home/bolatu/Downloads/sensors-16-01285.pdf:pdf},
isbn = {8610648079},
issn = {14248220},
journal = {Sensors},
pmid = {27529256},
title = {{RGB-D SLAM based on extended bundle adjustment with 2D and 3D information}},
volume = {16},
year = {2016}
}
@article{Geiger2011,
author = {Geiger, Andreas and Ziegler, Julius and Stiller, Christoph},
file = {:home/bolatu/Downloads/Geiger2011IV.pdf:pdf},
isbn = {9781457708916},
journal = {IEEE Intelligent Vehicles Symposium (IV)},
pages = {1--9},
title = {{StereoScan: Dense 3d Reconstruction in Real-time}},
year = {2011}
}
@article{Konolige08,
author = {Konolige, Kurt and Agrawal, Motilal},
file = {:home/bolatu/Downloads/04648456.pdf:pdf},
journal = {IEEE Transaction on Robotics},
pages = {1066--1077},
title = {{FrameSLAM : From Bundle Adjustment to Real-Time Visual Mapping}},
volume = {24},
year = {2008}
}
@article{Zhou2017a,
archivePrefix = {arXiv},
arxivId = {1702.02512},
author = {Zhou, Yi and Kneip, Laurent and Li, Hongdong},
eprint = {1702.02512},
file = {:home/bolatu/Downloads/1702.02512.pdf:pdf},
isbn = {9781509046324},
title = {{Semi-Dense Visual Odometry for RGB-D Cameras Using Approximate Nearest Neighbour Fields}},
year = {2017}
}
@article{Park2012a,
author = {Park, Jae-Han and Shin, Yong-Deuk and Bae, Ji-Hun and Baeg, Moon-Hong},
doi = {10.3390/s120708640},
file = {:home/bolatu/Downloads/sensors-12-08640.pdf:pdf},
issn = {1424-8220},
journal = {Sensors},
pages = {8640--8662},
pmid = {23012509},
title = {{Spatial Uncertainty Model for Visual Features Using a Kinect Sensor}},
volume = {12},
year = {2012}
}
@article{Arras1998b,
author = {Kai Oliver Arras},
file = {:home/bolatu/Downloads/arrasTR98.pdf:pdf},
isbn = {EPFL-ASL-TR-98-01 R3},
journal = {Lausanne: Swiss Federal Institute of Technology Lausanne (EPFL)},
title = {{An Introduction to Error Propagation: Derivation, Meaning, and Examples of Equation cy = fx cx fx}},
year = {1998}
}
@phdthesis{Moravec1980,
author = {Moravec, Hans P.},
file = {:home/bolatu/Downloads/moravec{\_}hans{\_}1980{\_}1.pdf:pdf},
title = {{Obstacle Avoidance and Navigation in the Real World by a Seeing Robot Rover}},
year = {1980}
}
@article{Nister2004,
author = {Nister, David and Naroditsky, Oleg and Bergen, James},
file = {:home/bolatu/Downloads/01315094.pdf:pdf},
journal = {IEEE Computer Society Conference on Computer Vision and Pattern Recognition},
title = {{Visual Odometry}},
year = {2004}
}
@article{Aqel2016,
author = {Aqel, Mohammad O.A. and Marhaban, Mohammad H. and Saripan, M. Iqbal and Ismail, Napsiah Bt.},
doi = {10.1186/s40064-016-3573-7},
file = {:home/bolatu/.local/share/data/Mendeley Ltd./Mendeley Desktop/Downloaded/Aqel et al. - 2016 - Review of visual odometry types, approaches, challenges, and applications.pdf:pdf},
issn = {21931801},
journal = {SpringerPlus},
pmid = {27843754},
publisher = {Springer International Publishing},
title = {{Review of visual odometry: types, approaches, challenges, and applications}},
volume = {5},
year = {2016}
}
@article{Dryanovski2013,
author = {Dryanovski, Ivan and Valenti, Roberto G. and Xiao, Jizhong},
doi = {10.1109/ICRA.2013.6630889},
file = {:home/bolatu/Downloads/06630889.pdf:pdf},
isbn = {9781467356435},
journal = {2013 IEEE International Conference on Robotics and Automation},
title = {{Fast Visual Odometry and Mapping from RGB-D Data}},
year = {2013}
}
@techreport{Sol2016,
author = {Sola, Joan},
file = {:home/bolatu/Downloads/courseSLAM.pdf:pdf},
title = {{Course on SLAM}},
url = {http://www.iri.upc.edu/people/jsola/JoanSola/objectes/toolbox/courseSLAM.pdf},
year = {2016}
}
@article{Smisek2011,
archivePrefix = {arXiv},
arxivId = {arXiv:1011.1669v3},
author = {Smisek, Jan and Jancosek, Michal and Pajdla, Tomas},
doi = {10.1109/ICCVW.2011.6130380},
eprint = {arXiv:1011.1669v3},
file = {:home/bolatu/Downloads/Smisek-CDC4CV-2011.pdf:pdf},
isbn = {9781467300636},
issn = {978-1-4673-0063-6},
journal = {2011 IEEE International Conference on Computer Vision Workshops (ICCV Workshops)},
pages = {1154--1160},
pmid = {9781447146391},
title = {{3D with Kinect}},
year = {2011}
}
@article{Rosten2006,
author = {Rosten, Edward and Drummond, Tom},
file = {:home/bolatu/Downloads/rosten{\_}2006{\_}machine.pdf:pdf},
title = {{Machine learning for high-speed corner detection}},
journal = {Proceedings of the 9th European Conference on Computer Vision - Volume Part I},
year = {2006}
}
@article{Rusinkiewicz2001,
author = {Rusinkiewicz, Szymon and Levoy, Marc},
file = {:home/bolatu/Downloads/00924423.pdf:pdf},
isbn = {0769509843},
journal = {Proceedings of Third International Conference on 3-D Digital Imaging and Modeling},
title = {{Efficient Variants of the ICP Algorithm}},
year = {2001}
}
@article{Zhang2000a,
archivePrefix = {arXiv},
arxivId = {arXiv:1011.1669v3},
author = {Zhang, Zhengyou},
doi = {10.1109/34.888718},
eprint = {arXiv:1011.1669v3},
file = {:home/bolatu/Downloads/00888718.pdf:pdf},
issn = {01628828},
journal = {IEEE Transactions on Pattern Analysis and Machine Intelligence},
keywords = {2d pattern,Absolute conic,Calibration from planes,Camera calibration,Closed-form solution,Flexible plane-based calibration,Flexible setup,Lens distortion,Maximum likelihood estimation,Projective mapping},
pages = {1330--1334},
pmid = {131},
title = {{A Flexible New Technique For Camera Calibration}},
volume = {22},
year = {2000}
}
@article{Choo2014,
author = {Choo, Benjamin and Landau, Michael and Devore, Michael and Beling, Peter A.},
doi = {10.3390/s140917430},
file = {:home/bolatu/Downloads/sensors-14-17430.pdf:pdf},
journal = {Sensors},
pages = {17430--17450},
title = {{Statistical Analysis-Based Error Models for the Microsoft Kinect Depth Sensor}},
year = {2014}
}
@article{Harris1988,
archivePrefix = {arXiv},
arxivId = {0804.1469},
author = {Harris, Chris and Stephens, Mike},
doi = {10.5244/C.2.23},
eprint = {0804.1469},
file = {:home/bolatu/Downloads/avc-88-023.pdf:pdf},
issn = {09639292},
journal = {Proceedings of the Alvey Vision Conference 1988},
pages = {23.1--23.6},
pmid = {20130988},
title = {{A Combined Corner and Edge Detector}},
year = {1988}
}
@article{Frese2010,
author = {Frese, Udo},
doi = {10.1007/s13218-010-0047-x},
file = {:home/bolatu/Downloads/Frese2010{\_}Article{\_}InterviewIsSLAMSolved.pdf:pdf},
isbn = {0933-1875},
issn = {0933-1875},
journal = {KI - K{\"{u}}nstliche Intelligenz},
pages = {255--257},
pmid = {19231728},
title = {{Interview: Is SLAM Solved?}},
volume = {24},
year = {2010}
}
@article{Zhang2014,
author = {Zhang, Ji and Kaess, Michael and Singh, Sanjiv},
file = {:home/bolatu/Downloads/IROS{\_}2014.pdf:pdf},
isbn = {9781479969333},
journal = {IROS},
pages = {4973--4980},
title = {{Real-time Depth Enhanced Monocular Odometry}},
year = {2014}
}
@techreport{Herzog2018,
author = {Herzog, Roland and Helmberg, Christoph},
file = {:home/bolatu/.local/share/data/Mendeley Ltd./Mendeley Desktop/Downloaded/Herzog, Helmberg - Unknown - Lectures Notes Optimization for Non-Mathematicians mathematische Vorkenntnisse.pdf:pdf},
title = {{Lectures Notes Optimization for Non-Mathematicians}},
url = {https://www.tu-chemnitz.de/mathematik/part_dgl/teaching/teaching_WS2018.en.php},
year = {2018}
}
@article{Sturm2012a,
author = {Sturm, J{\"{u}}rgen and Burgard, Wolfram and Cremers, Daniel},
doi = {10.1.1.364.5940},
file = {:home/bolatu/Downloads/sturm12iros{\_}ws.pdf:pdf},
journal = {Proceedings of the Workshop on Color-Depth Camera Fusion in Robotics at the IEEE/RJS IROS},
title = {{Evaluating Egomotion and Structure-from-Motion Approaches Using the TUM RGB-D Benchmark}},
year = {2012}
}
@article{Leo2011,
author = {Leo, Giuseppe Di and Liguori, Consolatina and Paolillo, Alfredo},
doi = {10.1109/TIM.2011.2113070},
file = {:home/bolatu/Downloads/05732686.pdf:pdf},
journal = {IEEE Transactions on Instrumentation and Measurement},
pages = {1664--1673},
publisher = {IEEE},
title = {{Covariance Propagation for the Uncertainty Estimation in Stereo Vision}},
volume = {60},
year = {2011}
}
@article{Miura1993AnUM,
author = {Miura, Jun and Shirai, Yoshiaki},
file = {:home/bolatu/Downloads/b08fd46bc841e3a6210c27fa3d95cd08b3e4.pdf:pdf},
journal = {Proceedings of 13th Int. Joint Conf. on Artificial Intelligence},
pages = {1618--1623},
title = {{An Uncertainty Model of Stereo Vision and its Application to Vision-Motion Planning of Robot}},
year = {1993}
}
@article{M.2010,
archivePrefix = {arXiv},
arxivId = {arXiv:1407.5736v1},
author = {M., Calonder and V., Lepetit and C., Strecha and P., Fua},
doi = {10.1007/978-3-642-15561-1_56},
eprint = {arXiv:1407.5736v1},
file = {:home/bolatu/Downloads/calonder{\_}eccv10.pdf:pdf},
isbn = {3-642-15560-X, 978-3-642-15560-4},
issn = {978-3-642-15560-4},
journal = {11th European Conference on Computer Vision},
pmid = {19500939},
title = {{BRIEF: Binary Robust Independent Elementary Features}},
year = {2010}
}
@article{Fischler1981b,
archivePrefix = {arXiv},
arxivId = {3629719},
author = {Fischler, Martin A. and Bolles, Robert C.},
doi = {10.1145/358669.358692},
eprint = {3629719},
file = {:home/bolatu/Downloads/ransac-publication.pdf:pdf},
isbn = {0934613338},
issn = {00010782},
journal = {Communications of the ACM},
pages = {381--395},
pmid = {4650729},
title = {{Random Sample Consensus: A Paradigm for Model Fitting Applications to Image Analysis and Automated Cartography}},
volume = {24},
year = {1981}
}
@article{Yousif2015,
author = {Yousif, Khalid and Bab-Hadiashar, Alireza and Hoseinnezhad, Reza},
doi = {10.1007/s40903-015-0032-7},
file = {:home/bolatu/.local/share/data/Mendeley Ltd./Mendeley Desktop/Downloaded/Yousif, Bab-Hadiashar, Hoseinnezhad - 2015 - An Overview to Visual Odometry and Visual SLAM Applications to Mobile Robotics.pdf:pdf},
isbn = {2199-854X},
issn = {2363-6912},
journal = {Intelligent Industrial Systems},
pages = {289--311},
publisher = {Springer Singapore},
title = {{An Overview to Visual Odometry and Visual SLAM: Applications to Mobile Robotics}},
volume = {1},
year = {2015}
}
@article{Bay2008,
archivePrefix = {arXiv},
arxivId = {arXiv:1011.1669v3},
author = {Bay, Herbert and Ess, Andreas and Tuytelaars, Tinne and Gool, Luc V.},
doi = {10.1016/j.cviu.2007.09.014},
eprint = {arXiv:1011.1669v3},
file = {:home/bolatu/Downloads/SURF.pdf:pdf},
isbn = {9783540338321},
issn = {10773142},
journal = {Computer Vision and Image Understanding},
pages = {346--359},
pmid = {16081019},
title = {{Speeded-Up Robust Features (SURF)}},
volume = {110},
year = {2008}
}
@book{RichardHartley2003,
archivePrefix = {arXiv},
arxivId = {arXiv:1011.1669v3},
author = {{Richard Hartley}, Andrew Zisserman},
file = {:home/bolatu/Downloads/cv.pdf:pdf},
title = {{Multiple View Geometry}},
year = {2003}
}
@article{Endres2014,
author = {Endres, Felix and Hess, J{\"{u}}rgen and Sturm, J{\"{u}}rgen and Cremers, Daniel and Burgard, Wolfram},
file = {:home/bolatu/Downloads/endres13tro.pdf:pdf},
journal = {IEEE Transaction on Robotics},
title = {{3D Mapping with an RGB-D Camera}},
volume = {30},
year = {2014}
}
@article{Besl1992,
author = {Besl, Paul J. and McKay, Neil D.},
doi = {10.1109/34.121791},
file = {:home/bolatu/Downloads/00121791.pdf:pdf},
journal = {IEEE Transactions on Pattern Analysis and Machine Intelligence},
title = {{A Method for Registration of 3-D Shapes}},
year = {1992}
}
@article{Fang2015a,
author = {Fang, Zheng and Zhang, Yu},
doi = {10.5772/59991},
file = {:home/bolatu/Downloads/59991.pdf:pdf},
isbn = {1729-8806},
issn = {17298814},
journal = {International Journal of Advanced Robotic Systems},
keywords = {Depth image,Motion estimation,Point cloud,RGB-D camera,Visual odometry},
title = {{Experimental Evaluation of RGB-D Visual Odometry Methods}},
volume = {12},
year = {2015}
}
@article{Hertzberg2013,
archivePrefix = {arXiv},
arxivId = {1107.1119},
author = {Hertzberg, Christoph and Wagner, Ren{\'{e}} and Frese, Udo and Schr{\"{o}}der, Lutz},
doi = {10.1016/j.inffus.2011.08.003},
eprint = {1107.1119},
file = {:home/bolatu/Downloads/1107.1119.pdf:pdf},
issn = {15662535},
journal = {Information Fusion},
pages = {57--77},
title = {{Integrating Generic Sensor Fusion Algorithms with Sound State Representations through Encapsulation of Manifolds}},
volume = {14},
year = {2013}
}
@article{Belter2018a,
author = {Belter, Dominik and Nowicki, Micha{\l} and Skrzypczy{\'{n}}ski, Piotr},
doi = {10.1007/s00138-018-0936-9},
file = {:home/bolatu/Downloads/Belter2018{\_}Article{\_}ModelingSpatialUncertaintyOfPo.pdf:pdf},
isbn = {9781467380263},
issn = {14321769},
journal = {Machine Vision and Applications},
pages = {827--844},
pmid = {17326763873741557584},
title = {{Modeling spatial uncertainty of point features in feature-based RGB-D SLAM}},
volume = {29},
year = {2018}
}
@article{Wasenmuller2017b,
archivePrefix = {arXiv},
arxivId = {1603.06937},
author = {Wasenm{\"{u}}ller, Oliver and Stricker, Didier},
doi = {10.1007/978-3-319-54427-4_3},
eprint = {1603.06937},
file = {:home/bolatu/Downloads/wasenmuller2016comparison.pdf:pdf},
isbn = {9783319544267},
issn = {16113349},
journal = {ACCV 2016 Workshops},
pages = {34--45},
pmid = {4520227},
title = {{Comparison of Kinect V1 and V2 Depth Images in Terms of Accuracy and Precision}},
volume = {10117 LNCS},
year = {2017}
}
@article{Angladon2017,
author = {Angladon, V. and Gasparini, S. and Charvillat, V. and Pribani{\'{c}}, T. and Petkovi{\'{c}}, T. and Ðonli{\'{c}}, M. and Ahsan, B. and Bruel, F.},
doi = {10.1007/s11554-017-0670-y},
file = {:home/bolatu/.local/share/data/Mendeley Ltd./Mendeley Desktop/Downloaded/Angladon et al. - 2017 - An evaluation of real-time RGB-D visual odometry algorithms on mobile devices.pdf:pdf},
issn = {18618200},
journal = {Journal of Real-Time Image Processing},
title = {{An evaluation of real-time RGB-D visual odometry algorithms on mobile devices}},
year = {2017}
}
@article{Nguyen2012a,
archivePrefix = {arXiv},
arxivId = {arXiv:1505.0193},
author = {Nguyen, Chuong V. and Izadi, Shahram and Lovell, David},
doi = {10.1109/3DIMPVT.2012.84},
eprint = {arXiv:1505.0193},
file = {:home/bolatu/Downloads/Nguyen2012-ModelingKinectSensorNoise.pdf:pdf},
isbn = {9780769548739},
issn = {978-1-4673-4470-8},
journal = {Proceedings of 2nd Joint 3DIM/3DPVT Conference: 3D Imaging, Modeling, Processing, Visualization and Transmission, 3DIMPVT 2012},
pages = {524--530},
pmid = {4650729},
title = {{Modeling Kinect Sensor Noise for Improved 3D Reconstruction and Tracking}},
year = {2012}
}
@article{Scaramuzza2011,
author = {Scaramuzza, Davide and Fraundorfer, Friedrich},
doi = {10.1109/MRA.2011.943233},
file = {:home/bolatu/.local/share/data/Mendeley Ltd./Mendeley Desktop/Downloaded/Scaramuzza, Fraundorfer - 2011 - Visual Odometry Part II Matching,Robustness, Optimization, andApplications.pdf:pdf},
isbn = {1070-9932},
issn = {1070-9932},
journal = {IEEE Robotics {\&} Automation Magazine},
pages = {80--92},
pmid = {6153423},
title = {{Visual Odometry Part II: Matching, Robustness, Optimization, and Applications}},
volume = {18},
year = {2011}
}
@article{Matthies1987a,
author = {Matthies, Larry and Shafer, Steven A.},
file = {:home/bolatu/.local/share/data/Mendeley Ltd./Mendeley Desktop/Downloaded/Matthies, Shafer - 1987 - Error Modeling in Stereo Vision.pdf:pdf},
journal = {IEEE Journal of Robotics and Automation},
pages = {239--248},
title = {{Error Modeling in Stereo Vision}},
volume = {3},
year = {1987}
}
@article{Lowe2004,
archivePrefix = {arXiv},
arxivId = {cs/0112017},
author = {Lowe, David G.},
doi = {http://dx.doi.org/10.1023/B:VISI.0000029664.99615.94},
eprint = {0112017},
file = {:home/bolatu/Downloads/ijcv04.pdf:pdf},
isbn = {1568811012},
issn = {0920-5691},
pages = {1--28},
pmid = {20064111},
title = {{Distinctive Image Features from Scale-Invariant Keypoints}},
year = {2004}
}
@article{Herrera2016a,
author = {C., Daniel Herrera and Kannala, Juho and Heikkila, Janne},
doi = {10.1109/ICVRV.2015.21},
file = {:home/bolatu/Downloads/tpami2012.pdf:pdf},
isbn = {9781467376730},
pages = {144--147},
journal = {IEEE Transactions on Pattern Analysis and Machine Intelligence},
volume = {34},
pages = {2058--2064},
title = {{Joint depth and color camera calibration with distortion}},
year = {2012}
}
@article{Huanga2011,
author = {Huang, Albert S. and Bachrach, Abraham and Henry, Peter and Krainin, Michael and Maturana, Daniel and Fox, Dieter and Roy, Nicholas},
file = {:home/bolatu/.local/share/data/Mendeley Ltd./Mendeley Desktop/Downloaded/Huang et al. - Unknown - Visual Odometry and Mapping for Autonomous Flight Using an RGB-D Camera.pdf:pdf},
journal = {International Symposium of Robotics Research},
title = {{Visual Odometry and Mapping for Autonomous Flight Using an RGB-D Camera}},
year = {2011}
}
@article{Rublee2011a,
author = {Rublee, Ethan and Rabaud, Vincent and Konolige, Kurt and Bradski, Gary},
doi = {10.1109/ICCV.2011.6126544},
file = {:home/bolatu/.local/share/data/Mendeley Ltd./Mendeley Desktop/Downloaded/Rublee et al. - 2011 - ORB An efficient alternative to SIFT or SURF.pdf:pdf},
isbn = {9781457711015},
issn = {1550-5499},
journal = {Proceedings of the IEEE International Conference on Computer Vision},
pages = {2564--2571},
pmid = {20033598},
title = {{ORB: An efficient alternative to SIFT or SURF}},
year = {2011}
}
@article{Karan2015,
author = {Karan, Branko},
doi = {10.5937/fmet1501047K},
file = {:home/bolatu/Downloads/8{\_}bkaran.pdf:pdf},
issn = {14512092},
journal = {FME Transactions},
pages = {47--54},
title = {{Calibration of Kinect-type RGB-D Sensors for Robotic Applications}},
volume = {43},
year = {2015}
}
@book{Klette2014,
author = {Klette, Reinhard},
file = {:home/bolatu/Downloads/2014{\_}Book{\_}ConciseComputerVision.pdf:pdf},
isbn = {9781447163190},
title = {{Concise Computer Vision - An Introduction into Theory and Algorithms}},
publisher = {Springer},
year = {2014}
}
@article{Kerl2013a,
author = {Kerl, Christian and Sturm, J{\"{u}}rgen and Cremers, Daniel},
file = {:home/bolatu/Downloads/06631104.pdf:pdf},
isbn = {9781467356435},
journal = {IEEE International Conference on Robotics and Automation},
pages = {3748--3754},
title = {{Robust Odometry Estimation for RGB-D Cameras}},
year = {2013}
}
@article{Olson2003,
author = {Olson, Clark F. and Matthies, Larry H. and Schoppers, Marcel and Maimone, Mark W.},
doi = {10.1016/S0921-8890(03)00004-6},
file = {:home/bolatu/Downloads/10.1.1.331.1720.pdf:pdf},
journal = {Robotics and Autonomous Systems},
pages = {215--229},
title = {{Rover navigation using stereo ego-motion}},
volume = {43},
year = {2003}
}
@article{Mallick2014b,
author = {Mallick, Tanwi and Das, Partha Pratim and Majumdar, Arun Kumar},
doi = {10.1109/JSEN.2014.2309987},
file = {:home/bolatu/Downloads/06756961.pdf:pdf},
issn = {1530437X},
journal = {IEEE Sensors Journal},
pages = {1731--1740},
title = {{Characterizations of Noise in Kinect Depth Images: A Review}},
volume = {14},
year = {2014}
}
@phdthesis{Sola2007a,
author = {Sol{\`{a}}, Joan},
file = {:home/bolatu/Downloads/phdThesis.pdf:pdf},
title = {{Towards Visual Localization, Mapping and Moving Objects Tracking by a Mobile Robot: A Geometric and Probabilistic Approach}},
year = {2007}
}
@article{Smith1986a,
author = {Smith, Randall C. and Cheeseman, Peter},
doi = {10.1177/027836498600500404},
file = {:home/bolatu/.local/share/data/Mendeley Ltd./Mendeley Desktop/Downloaded/Smith, Cheeseman - 1986 - On the Representation and Estimation of Spatial Uncertainty.pdf:pdf},
isbn = {02783649 (ISSN)},
issn = {17413176},
journal = {The International Journal of Robotics Research},
pages = {56--68},
title = {{On the Representation and Estimation of Spatial Uncertainty}},
volume = {5},
year = {1986}
}
@book{Shalom2001,
author = {Bar-Shalom, Yaakov and  Li, X. Rong and Kirubarajan, Thiagalingam},
file = {:home/bolatu/Downloads/[Yaakov{\_}Bar-Shalom,{\_}X.{\_}Rong{\_}Li,{\_}Thiagalingam{\_}Kirub(b-ok.cc).pdf:pdf},
title = {{Estimation with Applications to Tracking and Navigation}},
year = {2001}
}
@article{Li2001,
author = {Li, X Rong and Zhao, Zhanlue and Jilkov, Vesselin P},
doi = {10.1.1.142.6049},
file = {:home/bolatu/Downloads/6c864789630d8cd37d5342f67ad8d480f077.pdf:pdf},
journal = {Proceedings of Workshop on Estimation, Tracking, and Fusion},
pages = {481----495},
title = {{Practical Measures and Test for Credibility of an Estimator}},
year = {2001}
}
